% This file was created with JabRef 2.9.2.
% Encoding: ISO8859_1

@ARTICLE{Baarman2015,
  author = {Baarman, K. and Havu, V. and Eirola, T.},
  title = {Direct Minimization for Ensemble Electronic Structure Calculations},
  journal = {Journal of Scientific Computing},
  year = {2015},
  pages = {1-16},
  doi = {10.1007/s10915-015-0058-8},
  issn = {0885-7474},
  keywords = {Quasi-Newton method; Nonlinear conjugate gradient; Ensemble optimization;
	Electronic structure; Stiefel manifold},
  language = {English},
  publisher = {Springer US},
  url = {http://dx.doi.org/10.1007/s10915-015-0058-8}
}

@ARTICLE{PhysRevB.79.241103,
  author = {Freysoldt, Christoph and Boeck, Sixten and Neugebauer, J\"org},
  title = {Direct minimization technique for metals in density functional theory},
  journal = {Phys. Rev. B},
  year = {2009},
  volume = {79},
  pages = {241103},
  month = {Jun},
  doi = {10.1103/PhysRevB.79.241103},
  issue = {24},
  numpages = {4},
  publisher = {American Physical Society},
  url = {http://link.aps.org/doi/10.1103/PhysRevB.79.241103}
}

@ARTICLE{doi:10.1137/060651653,
  author = {Yousef Saad and James R. Chelikowsky and Suzanne M. Shontz},
  title = {Numerical Methods for Electronic Structure Calculations of Materials},
  journal = {SIAM Review},
  year = {2010},
  volume = {52},
  pages = {3-54},
  number = {1},
  doi = {10.1137/060651653},
  eprint = { http://dx.doi.org/10.1137/060651653 },
  url = { http://dx.doi.org/10.1137/060651653 
}
}

@ARTICLE{PhysRevB.51.14057,
  author = {Seitsonen, Ari P. and Puska, M. J. and Nieminen, R. M.},
  title = {Real-space electronic-structure calculations: Combination of the
	finite-difference and conjugate-gradient methods},
  journal = {Phys. Rev. B},
  year = {1995},
  volume = {51},
  pages = {14057--14061},
  month = {May},
  doi = {10.1103/PhysRevB.51.14057},
  issue = {20},
  numpages = {0},
  publisher = {American Physical Society},
  url = {http://link.aps.org/doi/10.1103/PhysRevB.51.14057}
}

